@INPROCEEDINGS{SGCN_WCNC_2013,
    author      =   "Gowdemy Rajalingham and Quang-Dung Ho and Tho Le-Ngoc",
    title       =   "Attainable Throughput, Delay and Scalability for Geographic Routing on Smart Grid Neighbor Area Networks",
    booktitle   =   "IEEE Wireless Communications and Networking Conference (WCNC'2013)",

    month       =   apr,
    year        =   "2013"
}
% address     =   "Shanghai, China",

@article{SGCN_WC_2013,
    author      =   "Quang-Dung Ho and Yue Gao and Tho Le-Ngoc",
    title       =   "Challenges and Research Opportunities in Wireless Communications Networks for Smart Grid",
    journal     =   "IEEE Wireless Communications",
    month       =   jun,
    year        =   "2013",
    pages       =   "89-95"
}

@INPROCEEDINGS{SGCN_PES_2013,
    author      =   "Chon-Wang Chao and Quang-Dung Ho and Tho Le-Ngoc",
    title       =   "Challenges of Power Line Communications for Advanced Distribution Automation in Smart Grid",
    booktitle   =   "2013 IEEE PES General Meeting",

    month       =   jul,
    year        =   "2013"
}
%  address     =   "Vancouver, BC, Canada",

@INPROCEEDINGS{SGCN_CCNC_2013,
    author      =   "Gowdemy Rajalingham and Quang-Dung Ho and Tho Le-Ngoc",
    title       =   "Evaluation of an Efficient Smart Grid Communication System at the Neighbor Area Level",
    booktitle   =   "the 11th Annual IEEE Consumer Communications \& Networking Conference (CCNC'2014)",

    month       =   jan,
    year        =   "2014"
}
%   address     =   "Las Vegas, Nevada, U.S.",

@INPROCEEDINGS{SGCN_ICC_2014,
    author      =   "Quang-Dung Ho and Chon-Wang Chao and Mahsa Derakhshani and Tho Le-Ngoc",
    title       =   "An Analysis on Throughput and Feasibility of Narrow-band Power Line Communications in Advanced Distribution Automation Scenarios",
    booktitle   =   "IEEE International Conference on Communications (ICC'2014)",

    month       =   jun,
    year        =   "2014"
}
%  address     =   "Sydney, Australia",

@INPROCEEDINGS{SGCN_ICC2_2014,
    author      =   "Quang-Dung Ho and Yue Gao and Gowdemy Rajalingham and Tho Le-Ngoc",
    title       =   "Performance and Applicability of Candidate Routing Protocols for Smart Grid's Wireless Mesh Neighbor-Area Networks",
    booktitle   =   "IEEE International Conference on Communications (ICC'2014)",

    month       =   jun,
    year        =   "2014"
}
% address     =   "Sydney, Australia",
