@misc{WiFi_deployment,
  author = {},
  title = {Connect your life: {Wi-Fi} and the {Internet} of Everything},
  type = {White Paper},
  month = {Jan.},
  year = {2014},
  howpublished = {WiFi Alliance, white paper},
  %affiliation = {WiFi Alliance},
  %url = {http://www.wi-fi.org}
}

@INPROCEEDINGS{WiFi_Alliance,
  author = {},
  title = {{WiFi Alliance}},
  type = {},
  month = {},
  year = {},
  affiliation = {},
  url = {http://www.wi-fi.org}
}

@article{smartphone_NorthAmerica_2013_http,
    author      =   "",
    title       =   "Mobile use patterns in {North America}",
    journal     =   "eMarketer",
    month       =   "",
    year        =   "",
    url         =   "http://www.emarketer.com."
}

%%%%%%%%%%%%%%%%%%%%% chaotic WiFi and resource allocation

@inproceedings{Akella:2005:SCW:1080829.1080849,
 author = {Akella, Aditya and Judd, Glenn and Seshan, Srinivasan and Steenkiste, Peter},
 title = {Self-management in Chaotic Wireless Deployments},
 booktitle = {Proceedings of the 11th Annual International Conference on Mobile Computing and Networking},
 series = {MobiCom'05},
 year = {2005},
 isbn = {1-59593-020-5},
 location = {Cologne, Germany},
 pages = {185--199},
 numpages = {15},
 %url = {http://doi.acm.org/10.1145/1080829.1080849},
 %doi = {10.1145/1080829.1080849},
 %acmid = {1080849},
 publisher = {ACM},
 address = {New York, NY, USA},
 keywords = {access points, channel assignment, interference, power control},
}

@inproceedings{Akella:2010:NCM:1831443.1831447,
 author = {Akella, Aditya and Ramamurthy, Pratap and Mutapcic, Almir},
 title = {{NashWifi}: Coordinated Management of Heterogenous Home 802.11 Networks Using Bargaining},
 booktitle = {Proceedings of the 2nd International Conference on Communication Systems and Networks},
 series = {COMSNETS'10},
 year = {2010},
 isbn = {978-1-4244-5487-7},
 location = {Bangalore, India},
 pages = {30--39},
 numpages = {10},
 %url = {http://dl.acm.org/citation.cfm?id=1831443.1831447},
 %acmid = {1831447},
 publisher = {IEEE Press},
 address = {Piscataway, NJ, USA},
}

@article{Broustis:2010:MGW:1959337.1959341,
 author = {Broustis, Ioannis and Papagiannaki, Konstantina and Krishnamurthy, Srikanth V. and Faloutsos, Michalis and Mhatre, Vivek P.},
 title = {Measurement-driven Guidelines for 802.11 {WLAN} Design},
 journal = {IEEE/ACM Trans. Netw.},
 issue_date = {June 2010},
 volume = {18},
 number = {3},
 month = jun,
 year = {2010},
 issn = {1063-6692},
 pages = {722--735},
 numpages = {14},
 %url = {http://dx.doi.org/10.1109/TNET.2009.2031971},
 %doi = {10.1109/TNET.2009.2031971},
 %acmid = {1959341},
 publisher = {IEEE Press},
 address = {Piscataway, NJ, USA},
 keywords = {IEEE 802.11 WLANs, experimentation, frequency selection, measurement, power control, user association},
}

@inproceedings{Patro:2013:OHW:2500423.2500448,
 author = {Patro, Ashish and Govindan, Srinivas and Banerjee, Suman},
 title = {Observing Home Wireless Experience Through {WiFi APs}},
 booktitle = {Proceedings of the 19th Annual International Conference on Mobile Computing \& Networking},
 series = {MobiCom'13},
 year = {2013},
 isbn = {978-1-4503-1999-7},
 location = {Miami, Florida, USA},
 pages = {339--350},
 numpages = {12},
 %url = {http://doi.acm.org/10.1145/2500423.2500448},
 %doi = {10.1145/2500423.2500448},
 %acmid = {2500448},
 publisher = {ACM},
 address = {New York, NY, USA},
 keywords = {characterization, deployment, home WiFi networks, interference, measurement, wise},
}

@inproceedings{Yiakoumis:2014:BTD:2643230.2643233,
 author = {Yiakoumis, Yiannis and Bansal, Manu and Covington, Adam and van Reijendam, Johan and Katti, Sachin and McKeown, Nick},
 title = {{BeHop}: A Testbed for Dense {WiFi} Networks},
 booktitle = {Proceedings of the 9th ACM International Workshop on Wireless Network Testbeds, Experimental Evaluation and Characterization},
 series = {WiNTECH'14},
 year = {2014},
 isbn = {978-1-4503-3072-5},
 location = {Maui, Hawaii, USA},
 pages = {1--8},
 numpages = {8},
 %url = {http://doi.acm.org/10.1145/2643230.2643233},
 %doi = {10.1145/2643230.2643233},
 %acmid = {2643233},
 publisher = {ACM},
 address = {New York, NY, USA},
 keywords = {dense wifi, enterprise wifi, flexibility, production testbed, residential wifi},
}


%%%%%%%%%%%%%%%%%%%%% WiFi resource allocation

@article{Balachandran:2002:HCR:510726.510733,
 author = {Balachandran, Anand and Bahl, Paramvir and Voelker, Geoffrey M.},
 title = {Hot-spot Congestion Relief and Service Guarantees in Public-area Wireless Networks},
 journal = {SIGCOMM Comput. Commun. Rev.},
 issue_date = {January 2002},
 volume = {32},
 number = {1},
 month = jan,
 year = {2002},
 issn = {0146-4833},
 pages = {},
 numpages = {},
 %url = {http://doi.acm.org/10.1145/510726.510733},
 %doi = {10.1145/510726.510733},
 %acmid = {510733},
 publisher = {ACM},
 address = {New York, NY, USA},
}

@article{Bejerano:2007:FLB:1295237.1295244,
 author = {Bejerano, Yigal and Han, Seung-Jae and Li, Li},
 title = {Fairness and Load Balancing in Wireless {LANs} Using Association Control},
 journal = {IEEE/ACM Trans. Netw.},
 issue_date = {June 2007},
 volume = {15},
 number = {3},
 month = jun,
 year = {2007},
 issn = {1063-6692},
 pages = {560--573},
 numpages = {14},
 %url = {http://dx.doi.org/10.1109/TNET.2007.893680},
 %doi = {10.1109/TNET.2007.893680},
 %acmid = {1295244},
 publisher = {IEEE Press},
 address = {Piscataway, NJ, USA},
 keywords = {IEEE 802.11 WLANs, approximation algorithms, load balancing, max-min fairness},
}

@article{Li:2014:AAP:2591204.2591212,
 author = {Li, Wei and Wang, Shengling and Cui, Yong and Cheng, Xiuzhen and Xin, Ran and Al-Rodhaan, Mznah A. and Al-Dhelaan, Abdullah},
 title = {{AP} Association for Proportional Fairness in Multirate {WLANs}},
 journal = {IEEE/ACM Trans. Netw.},
 issue_date = {February 2014},
 volume = {22},
 number = {1},
 month = feb,
 year = {2014},
 issn = {1063-6692},
 pages = {191--202},
 numpages = {12},
 %url = {http://dx.doi.org/10.1109/TNET.2013.2245145},
 %doi = {10.1109/TNET.2013.2245145},
 %acmid = {2591212},
 publisher = {IEEE Press},
 address = {Piscataway, NJ, USA},
}


@inproceedings{Ting:2006:DAG:1164717.1164762,
 author = {Ting, Kuo-Chang and Jan, Mao-Yu and Hsieh, Sung-Huai and Lee, Hsiu-Hui and Lai, Feipei},
 title = {Design and Analysis of Grouping-based {DCF (GB-DCF)} Scheme for the {MAC} Layer Enhancement of 802.11 and 802.11n},
 booktitle = {Proceedings of the 9th ACM International Symposium on Modeling Analysis and Simulation of Wireless and Mobile Systems},
 series = {MSWiM'06},
 year = {2006},
 isbn = {1-59593-477-4},
 location = {Terromolinos, Spain},
 pages = {255--264},
 numpages = {10},
 %url = {http://doi.acm.org/10.1145/1164717.1164762},
 %doi = {10.1145/1164717.1164762},
 %acmid = {1164762},
 publisher = {ACM},
 address = {New York, NY, USA},
 keywords = {802.11n, CP, DCF, GB-DCF, MAC, PC, PCF},
}

@article{Ting:2011:SHG:2001030.2001037,
 author = {Ting, Kuo-Chang and Lee, Hung-Chang and Lai, Feipei},
 title = {A scalable, high-performance grouping {DCF} for the {MAC} layer enhancement of 802.11n},
 journal = {Int. J. Commun. Netw. Distrib. Syst.},
 issue_date = {June 2011},
 volume = {7},
 number = {1/2},
 month = jun,
 year = {2011},
 issn = {1754-3916},
 pages = {101--118},
 numpages = {18},
 %url = {http://dx.doi.org/10.1504/IJCNDS.2011.040980},
 %doi = {10.1504/IJCNDS.2011.040980},
 %acmid = {2001037},
 publisher = {Inderscience Publishers},
 address = {Inderscience Publishers, Geneva, SWITZERLAND},
}

@ARTICLE{6851180,
author={Zheng, L. and Ni, M. and Cai, L. and Pan, J. and Ghosh, C. and Doppler, K.},
journal={IEEE Transactions on Wireless Communications},
title={Performance Analysis of Group-Synchronized {DCF} for Dense {IEEE} 802.11 Networks},
year={2014},
month={},
volume={11},
number={4},
pages={1--13},
%doi={10.1109/TWC.2014.2337315},
%ISSN={1536-1276},
}

@misc{WiFi_QoS_Aruba_2011,
  author = {},
  title = {Bringing {QoS} Over Wireless {LAN} into Focus},
  type = {White Paper},
  month = {},
  year = {2011},
  howpublished = {Aruba Networks, white paper},
  %affiliation = {Ercisson},
  %url = {}
}

@INPROCEEDINGS{6933315,
author={Erturk, Mehmet Ali and Vollero, Luca and Aydin, Muhammed Ali and Turna, Ozgur Can and Bernaschi, Massimo},
booktitle={Proceedings of the 11th International Symposium on Wireless Communications Systems (ISWCS)},
title={A framework for modeling and implementing {QoS}-aware load balancing solutions in {WiFi} hotspots},
year={2014},
month={Aug},
pages={33--38},
keywords={Adaptation models;Analytical models;IEEE 802.11 Standards;Load management;Optimized production technology;Quality of service;Throughput;EDCA;Load balancing;QoS;WiFi},
%doi={10.1109/ISWCS.2014.6933315},
}

@INPROCEEDINGS{crowdsensingWiFi_C.2014,
author={Farshad, A. and Marina, M.K. and Garcia, F.},
booktitle={Proceedings of the 2014 IEEE Network Operations and Management Symposium (NOMS)},
title={Urban {WiFi} characterization via mobile crowdsensing},
year={2014},
month={May},
pages={1--9},
keywords={mobile communication;radiofrequency interference;smart phones;telecommunication network management;wireless LAN;European city;WiFi router configuration service;global awareness;interference management;mobile crowdsensing approach;mutual interference;natural mobility;public spaces;smartphones;spatial analysis;spectrum usage;urban WiFi characterization;urban WiFi monitoring;urban areas;Cities and towns;Global Positioning System;IEEE 802.11 Standards;Mobile communication;Monitoring;Sensors;Smart phones},
%doi={10.1109/NOMS.2014.6838233},
}


%%%%%%%%%%%%%%%%%%%%% Cellular-WiFi integration
%Cellular_WiFi-Nokia_2012, Cellular_WiFi-InterDigital_2012, Cellular_WiFi-WC_2013, Cellular_WiFi-Ericsson_2013, Cellular_WiFi-4G_2013

@misc{Cellular_WiFi-Nokia_2012,
  author = {},
  title = {{Wi-Fi} integration with cellular networks enhances the customer experience},
  type = {White Paper},
  month = {},
  year = {2012},
  howpublished = {Nokia Siemens Networks, white paper},
  %affiliation = {Nokia Siemens Networks},
  %url = {}
}

@misc{Cellular_WiFi-InterDigital_2012,
  author = {},
  title = {Cellular-{Wi-Fi} Integration},
  type = {White Paper},
  month = {Jun.},
  year = {2012},
  howpublished = {InterDigital, white paper},
  %affiliation = {InterDigital},
  %url = {}
}

@ARTICLE{Cellular_WiFi-WC_2013,
author={Aijaz, A. and Aghvami, H. and Amani, M.},
journal={IEEE Wireless Communications},
title={A survey on mobile data offloading: Technical and business perspectives},
year={2013},
month={Apr.},
volume={20},
number={2},
pages={104-112}
%doi={10.1109/MWC.2013.6507401},
%ISSN={1536-1284}
}

@misc{Cellular_WiFi-Ericsson_2013,
  author = {},
  title = {{Wi-Fi} in heterogeneous networks: An intergrate approach to delivering the best user experience},
  type = {White Paper},
  month = {Jun.},
  year = {2013},
  howpublished = {Ercisson, white paper},
  %affiliation = {Ercisson},
  %url = {}
}

@misc{Cellular_WiFi-4G_2013,
  author = {},
  title = {Integration of Cellular and {WiFi} Networks},
  type = {White Paper},
  month = {Sep.},
  year = {2013},
  howpublished = {4G America, white paper},
  %affiliation = {4G America},
  %url = {http://www.4gamericas.org/}
}

%%%%%%%%%%%%%%%%%%%%%%%%%%%%%%%%%%%%%%%%%%%%%
%5G cellular

@misc{5G_Huawei_2013,
  author = {},
  title = {5{G}: A Technology Vision},
  type = {White Paper},
  month = {},
  year = {2013},
  howpublished = {Huawei Technologies Co., Ltd., white paper},
  %affiliation = {4G America},
  %url = {http://www.4gamericas.org/}
}




%%%%%%%%%%%%%%%%%%%%%% wireless virtualization
%Chowdhury:2010:SNV:1749614.1749650, 6504194, 6649273, 6613798, 6887287, 6739370

@article{Chowdhury:2010:SNV:1749614.1749650,
 author = {Chowdhury, N.M. Mosharaf Kabir and Boutaba, Raouf},
 title = {A Survey of Network Virtualization},
 journal = {Comput. Netw.},
 issue_date = {April, 2010},
 volume = {54},
 number = {5},
 month = apr,
 year = {2010},
 %issn = {1389-1286},
 pages = {862--876},
 numpages = {15},
 %url = {http://dx.doi.org/10.1016/j.comnet.2009.10.017},
 %doi = {10.1016/j.comnet.2009.10.017},
 %acmid = {1749650},
 publisher = {Elsevier North-Holland, Inc.},
 address = {New York, NY, USA},
 keywords = {Network virtualization, Next-generation Internet architecture, Virtual networks},
}

@INPROCEEDINGS{6504194,
author={Xin Wang and Krishnamurthy, P. and Tipper, D.},
booktitle={Proceedings of the 2013 International Conference on Computing, Networking and Communications (ICNC)},
title={Wireless network virtualization},
year={2013},
month={Jan},
pages={818--822},
%keywords={radio networks;virtualisation;ICT network system;end computing system;spectrum utilization;wired network virtualization;wireless access network virtualization},
%doi={10.1109/ICCNC.2013.6504194},
}

@INPROCEEDINGS{6649273,
author={Rahman, M.M. and Despins, C. and AFFES, S.},
booktitle={Proceedings of the 2013 IEEE International Conference on Communications Workshops (ICC)},
title={Analysis of {CAPEX} and {OPEX} benefits of wireless access virtualization},
year={2013},
month={June},
pages={436--440},
%keywords={cloud computing;radio access networks;telecommunication industry;CAPEX benefits analysis;OPEX benefits analysis;cost effective research;energy efficient network modelling;telecommunications industry;virtualized wireless access network;wireless access cards;wireless access networks virtualization;wireless access virtualization;wireless resources virtualization;wireless spectrum;wireless telecom domain;Antennas;Carbon dioxide;Power demand;Scattering;Virtualization;Wireless networks},
%doi={10.1109/ICCW.2013.6649273},
}

@INPROCEEDINGS{6613798,
author={Wen, H. and Tiwary, P.K. and Tho Le-Ngoc},
booktitle={Proceedings of the 2013 International Conference on Selected Topics in Mobile and Wireless Networking (MoWNeT)},
title={Current trends and perspectives in wireless virtualization},
year={2013},
month={Aug},
pages={62--67},
%keywords={cloud computing;mobile computing;protocols;radio networks;virtualisation;flow based perspective;hypothetical ecosystem;protocol based perspective;spectrum based perspective;virtualized resources;wireless virtualization architectures;wireless virtualization classification;wireless virtualization perspectives;Hardware;Protocols;Radio frequency;Software;Virtualization;Wireless communication;Wireless sensor networks;Wireless virtualization;cloud infrastructure;software-defined networking;software-defined radio},
%doi={10.1109/MoWNet.2013.6613798},
}

@book{wen2013wireless,
  author={Wen, H. and Tiwary, P.K. and Le-Ngoc, T.},
  title={Wireless Virtualization},
  series={SpringerBriefs in Computer Science},
  publisher={Springer},
  year={2013},
}


@ARTICLE{6887287,
author={Liang, C. and Yu, F.R.},
journal={IEEE Communications Surveys Tutorials},
title={Wireless Network Virtualization: A Survey, Some Research Issues and Challenges},
year={2014},
month={},
volume={},
number={},
pages={},
%keywords={Business;Indium phosphide;Mobile communication;Virtual private networks;Virtualization;Wireless networks},
%doi={10.1109/COMST.2014.2352118},
%ISSN={1553-877X},
}

@ARTICLE{6739370,
author={Nunes, B.A.A. and Mendonca, M. and Xuan-Nam Nguyen and Obraczka, K. and Turletti, T.},
journal={IEEE Communications Surveys Tutorials},
title={A Survey of Software-Defined Networking: Past, Present, and Future of Programmable Networks},
year={2014},
month={Third Quarter},
volume={16},
number={3},
pages={1617--1634},
%keywords={protocols;software radio;telecommunication network management;OpenFlow standard;SDN-based protocols;network management;network programmability;programmable networks;software-defined networking;Computer architecture;Hardware;Internet;Protocols;Software;Switches;Software-Defined Networking;control plane;data plane;programmable networks;survey;virtualization},
%doi={10.1109/SURV.2014.012214.00180},
%ISSN={1553-877X},
}

%%%%%%%%%%%%%%%%%%%%%%%

%virtualization
@INPROCEEDINGS{virtualization_2010,
author={Sahoo, J. and Mohapatra, S. and Lath, R.},
booktitle={Proceedings of the 2010 Second International Conference on Computer and Network Technology (ICCNT), },
title={Virtualization: A Survey on Concepts, Taxonomy and Associated Security Issues},
year={2010},
month={April},
pages={222--226},
%keywords={cost reduction;security of data;virtual reality;associated security issues;autonomous resources;computer resources;cost reduction;integrated operating platform;resource utilization;system reliability;system security;system virtualization;unified integrated operating platform;virtual computing environment;Hypervisor;Security;Threats;VMM;Virtualization},
%doi={10.1109/ICCNT.2010.49},
}

@misc{Heming_thesis,
  author = {Wen, H.},
  title = {Virtualization and Software-Defined Infrastructure Framework for Wireless Access Networks},
  type = {White Paper},
  month = {Dec},
  year = {2013},
  howpublished = {McGill Univerisity, M.Eng. thesis},
  %affiliation = {WiFi Alliance},
  %url = {http://www.rfc-editor.org/info/rfc5415}
}

%%%%%%%%%%%%%%%%%%%%%

%simulation, analysis, experments
%5755511, 4912241, 6595736, 6666127
@INPROCEEDINGS{5755511,
author={Ivanov, Svilen and Herms, Andre and Lukas, Georg},
booktitle={Proceedings of the 2007 ITG-GI Conference on Communication in Distributed Systems (KiVS)},
title={Experimental Validation of the ns-2 Wireless Model using Simulation, Emulation, and Real Network},
year={2007},
month={Feb},
pages={1--12},
}

@ARTICLE{4912241,
author={Karamad, E. and Ashtiani, F.},
journal={IET Communications},
title={Performance analysis of {IEEE} 802.11 }DCF} and 802.11e {EDCA} based on queueing networks},
year={2009},
month={May},
volume={3},
number={5},
pages={871--881},
keywords={access protocols;ad hoc networks;queueing theory;wireless LAN;wireless channels;BCMP closed queueing network;IEEE 802.11 DCF MAC protocol;IEEE 802.11e EDCA;distributed coordination function;enhanced distributed channel access delay;wireless ad hoc network},
%doi={10.1049/iet-com.2008.0676},
%ISSN={1751-8628},
}

@INPROCEEDINGS{6595736,
author={Jinsong Zhang and Xiaomin Ma},
booktitle={Proceedings of the 2013 International Symposium on Performance Evaluation of Computer and Telecommunication Systems (SPECTS)},
title={Broadcast performance analysis of {IEEE} 802.11 networks under fading channels},
year={2013},
month={July},
pages={18--21},
keywords={Rayleigh channels;geometry;mobile radio;stochastic processes;wireless LAN;IEEE 802.11 network broadcast service;Rayleigh fading channel condition;broadcast performance indices;broadcast service performance analysis;carrier sensing threshold value;node density;packet arrival rate;packet reception rate;pernode throughput;realistic fading channel conditions;stochastic geometry model;two-dimensional IEEE 802.11 networks;unsaturated data traffic;vehicular safety systems;Analytical models;Fading;IEEE 802.11 Standards;Receivers;Sensors;Throughput;Transmitters},
}

@INPROCEEDINGS{6666127,
author={Khan, Shahbaz and Aziz, Bilal and Najeeb, Sundas and Ahmed, Aziz and Usman, Muhammad and Ullah, Sadiq},
booktitle={Proceedings of the 2013 IEEE 24th International Symposium on Personal Indoor and Mobile Radio Communications (PIMRC)},
title={Reliability of network simulators and simulation based research},
year={2013},
month={Sept},
pages={180--185},
keywords={Ad hoc networks;Benchmark testing;Communities;Mobile computing;Simulation;Standards;Throughput;Inaccuracy of simulation;NS2;Network Simulators;OMNet++;OPNET;QualNet;Review},
%doi={10.1109/PIMRC.2013.6666127},
%ISSN={2166-9570},
}

%%%%%%%%%%%%%%%%%%%%

%open-source WiFi
%5415877, 5451769, gallo2011flexibility, 6195488

@INPROCEEDINGS{5415877,
author={Vipin, M. and Srikanth, S.},
booktitle={Proceedings of the 2010 International Conference on Wireless Communication and Sensor Computing (ICWCSC)},
title={Analysis of open source drivers for {IEEE} 802.11 {WLANs}},
year={2010},
month={Jan},
pages={1--5},
%keywords={IEEE standards;Linux;wireless LAN;Atheros network device driver;IEEE 802.11 WLAN;Linux kernel;WLAN Linux stack;WLAN structure;functional breakdown;open source IEEE 802.11 wireless local area network stack;open source drivers;Electric breakdown;Hardware;Kernel;Linux;Monitoring;Operating systems;Personal digital assistants;Protocols;TCPIP;Wireless LAN;IEEE802.11 WLAN;Linux kernel;Network stack;Open source},
%doi={10.1109/ICWCSC.2010.5415877},
}

@ARTICLE{5451769,
author={Dujovne, D. and Turletti, T. and Filali, F.},
journal={IEEE Communications Surveys Tutorials},
title={A Taxonomy of {IEEE} 802.11 Wireless Parameters and Open Source Measurement Tools},
year={2010},
month={Second Quarter},
volume={12},
number={2},
pages={249--262},
%keywords={mathematical analysis;probes;protocols;telecommunication traffic;wireless LAN;IEEE 802.11 wireless parameters;mathematical analysis;open source measurement tools;taxonomy;wireless cards;wireless network protocols;wireless traffic probes;IEEE 802.11;open source software;probes;wireless analyzers;wireless measurements;wireless parameters},
%doi={10.1109/SURV.2010.021110.00020},
%ISSN={1553-877X},
}

@INPROCEEDINGS{gallo2011flexibility,
author={Gallo, Pierluigi and Tinnirello, Ilenia},
title={On the Flexibility of the {IEEE} 802.11 Technology: Challenges and Directions},
booktitle={Proceedings of the 2011 Conference on Future Network and Mobile Summit},
year={2011}
}

@INPROCEEDINGS{6195488,
author={Tinnirello, I. and Bianchi, G. and Gallo, P. and Garlisi, D. and Giuliano, F. and Gringoli, F.},
booktitle={Proceedings of the 2012 IEEE International Conference on Computer Communications (INFOCOM)},
title={Wireless {MAC} processors: Programming {MAC} protocols on commodity Hardware},
year={2012},
month={March},
pages={1269--1277},
%keywords={access protocols;digital signal processing chips;finite state machines;firmware;network interfaces;radio access networks;wireless LAN;802.11 WLAN MAC protocol implementation;DSPs;MAC protocol programming;MAC protocol stack;commercial Broadcom AirForce54G off-the-shelf chipset;commodity hardware;extended state machine execution engine;firmware;medium access control commands;programmable wireless platforms;run-time composed;software-defined state machines;ultracheap commodity WLAN hardware cards;wireless MAC processors;wireless access adaptability;wireless access flexibility;Engines;Hardware;Media Access Protocol;Program processors;Registers;Wireless LAN;Wireless communication;WLAN 802.11;cognitive radio;programmable MAC;reconfigurability},
%doi={10.1109/INFCOM.2012.6195488},
%ISSN={0743-166X},
}

%%%%%%%%%%%%%%%%%%%%%

@misc{RFC_5415,
  author = {Calhoun, P. and  Montemurro, M. and Stanley, D.},
  title = {Control And Provisioning of Wireless Access Points ({CAPWAP}) Protocol Specification},
  type = {White Paper},
  month = {March},
  year = {2009},
  howpublished = {Internet Engineering Task Force (IETF), RFC 5415},
  %affiliation = {WiFi Alliance},
  url = {http://www.rfc-editor.org/info/rfc5415}
}

@misc{Meru_Networks,
    title           = "{Meru Networks}",
    url             = "http://www.merunetworks.com"
}

@misc{Cisco_Meraki,
    title           = "{Cisco Meraki}",
    url             = "http://meraki.cisco.com"
}

@misc{Aruba_Networks,
    title           = "{Aruba Networks}",
    url             = "http://www.arubanetworks.com"
}

%%%%%%%%%%%%%%%%%%%%%%%%%%%%
%WiFi virtualization

@misc{OpenVZ_TR_2008,
  author = {Bhanage, Gautam and Seskar, Ivan and Zhang, Yanyong and Raychaudhuri, Dipankar},
  title = {Evaluation of {OpenVZ} Based Wireless Testbed Virtualization},
  type = {White Paper},
  month = {Aug.},
  year = {2008},
  howpublished = {Rutgers University, Technical Report WINLAB-TR-331},
  %affiliation = {WiFi Alliance},
  %url = {http://www.wi-fi.org}
}

@incollection{OpenVZ_chapter_2011,
author={Bhanage, Gautam and Seskar, Ivan and Zhang, Yanyong and Raychaudhuri, Dipankar and Jain, Shweta},
title={Experimental Evaluation of {OpenVZ} from a Testbed Deployment Perspective},
booktitle={Testbeds and Research Infrastructures. Development of Networks and Communities},
series={Lecture Notes of the Institute for Computer Sciences, Social Informatics and Telecommunications Engineering},
editor={Magedanz, Thomas and Gavras, Anastasius and Thanh, NguyenHuu and Chase, JeffryS.},
publisher={Springer Berlin Heidelberg},
year={2011},
volume={46},
pages={103--112},
isbn={978-3-642-17850-4},
doi={10.1007/978-3-642-17851-1_7},
%url={http://dx.doi.org/10.1007/978-3-642-17851-1_7},
language={English}
}

%UML
@INPROCEEDINGS{UML_C_2008,
author={Singhal, S. and Hadjichristofi, G. and Seskar, I. and Raychaudhri, D.},
booktitle={Proceedings of the 2008 Next Generation Internet Networks (NGI)},
title={Evaluation of {UML} Based Wireless Network Virtualization},
year={2008},
month={April},
pages={223--230},
keywords={Linux;frequency division multiplexing;radiocommunication;ORBIT wireless test bed;User Mode Linux;cross-coupling effects;frequency division multiplexing;multiple wireless interfaces;proof-of-concept virtualization;shared wireless network resources;wireless network virtualization;Frequency division multiplexing;Linux;Measurement;Multiaccess communication;Resource virtualization;Testing;Throughput;Time division multiple access;Unified modeling language;Wireless networks},
doi={10.1109/NGI.2008.37},
}

%ORBIT
@INPROCEEDINGS{ORBIT_C_2005,
author={Raychaudhuri, D. and Seskar, I. and Ott, M. and Ganu, S. and Ramachandran, K. and Kremo, H. and Siracusa, R. and Liu, H. and Singh, M.},
booktitle={Proceedings of the 2005 IEEE Wireless Communications and Networking Conference (WCNC)},
title={Overview of the {ORBIT} radio grid testbed for evaluation of next-generation wireless network protocols},
year={2005},
month={March},
volume={3},
pages={1664--1669},
keywords={indoor radio;protocols;radio networks;telecommunication network management;ORBIT radio grid testbed;experimental scripts;indoor radio grid emulator;network control;network emulation;network management;open-access radio node;outdoor field trial network;real-world setting end-user evaluation;system-level controller;wireless network protocols;Access protocols;Computer architecture;Control systems;Hardware;Indoor radio communication;Next generation networking;Radio control;Testing;Wireless application protocol;Wireless networks},
doi={10.1109/WCNC.2005.1424763},
ISSN={1525-3511},}


%%%%%%%%%%%%%%%%%%%%%%%%%%%%

@INPROCEEDINGS{5480932,
author={Hamaguchi, T. and Komata, T. and Nagai, T. and Shigeno, H.},
booktitle={Proceedings of the 24th IEEE International Conference on Advanced Information Networking and Applications Workshops (WAINA)},
title={A Framework of Better Deployment for {WLAN} Access Point Using Virtualization Technique},
year={2010},
month={April},
pages={968--973},
%keywords={virtual reality;wireless LAN;WLAN access point;physical access point;virtual access point;virtualization technique;wireless network;Application virtualization;Conferences;Costs;Degradation;Joining processes;Mobile communication;Resource virtualization;Virtual machining;Wireless LAN;Wireless networks;access point;virtualization technique;wireless LAN},
%doi={10.1109/WAINA.2010.61},
}

@INPROCEEDINGS{6132830,
author={Nagai, T. and Shigeno, H.},
booktitle={Proceedings of the 2011 Third International Conference on Intelligent Networking and Collaborative Systems (INCoS)},
title={A Framework of {AP} Aggregation Using Virtualization for High Density {WLANs}},
year={2011},
month={Nov.},
pages={350--355},
keywords={mobile computing;virtualisation;wireless LAN;VAP aggregation;chaotic unplanned access point placement;high density WLAN;mobile node;virtual AP aggregation;virtual network;virtualization techniques;wireless local area network;wireless network access;IP networks;Manganese;Prototypes;Servers;Throughput;Virtual machining;Wireless communication;Wireless LAN;access point;interference;virtual network;virtualization},
doi={10.1109/INCoS.2011.19},
}


%%%%%%%%%%%%%%%%%%%%%%%%%%
%CloudMAC
%CloudMAC_thesis, CloudMAC_Mobicom_2012, CloudMAC_Globecom_2012

@misc{CloudMAC_thesis,
  author = {Vestin, Jonathan },
  title = {{CloudMAC}: Access Point Virtualization for Processing of {WLAN} Packets in the Cloud},
  type = {White Paper},
  month = {June},
  year = {2012},
  howpublished = {Karlstad University, B.Sc. thesis},
  %affiliation = {WiFi Alliance},
  %url = {http://www.rfc-editor.org/info/rfc5415}
}

@inproceedings{CloudMAC_Mobicom_2012,
 author = {Vestin, Jonathan and Dely, Peter and Kassler, Andreas and Bayer, Nico and Einsiedler, Hans and Peylo, Christoph},
 title = {{CloudMAC}: Torwards Software Defined {WLANs}},
 booktitle = {Proceedings of the 18th Annual International Conference on Mobile Computing and Networking},
 series = {Mobicom'12},
 year = {2012},
 %isbn = {978-1-4503-1159-5},
 location = {Istanbul, Turkey},
 pages = {393--396},
 numpages = {4},
 %url = {http://doi.acm.org/10.1145/2348543.2348592},
 %doi = {10.1145/2348543.2348592},
 %acmid = {2348592},
 publisher = {ACM},
 address = {New York, NY, USA},
 keywords = {802.11, openflow, wireless},
}

@INPROCEEDINGS{CloudMAC_Globecom_2012,
author={Dely, P. and Vestin, J. and Kassler, A. and Bayer, N. and Einsiedler, H. and Peylo, C.},
booktitle={Proceedings of the 2012 IEEE Globecom Workshops},
title={{CloudMAC}: An {OpenFlow} based architecture for 802.11 {MAC} layer processing in the cloud},
year={2012},
month={Dec},
pages={186--191},
%keywords={Internet;access protocols;cloud computing;computer network management;virtual machines;wireless LAN;CAPWAP;CloudMAC AP;IEEE 802.11 MAC layer processing;IEEE 802.11 WLAN;IEEE 802.11 stations;MAC layer frames;OpenFlow based architecture;WLAN architecture;WLAN management protocols;access points;carrier grade WLAN systems;enterprise WLAN systems;high level programming languages;high speed wireless Internet access;management frames;software defined networking approach;virtual AP;virtual machines;Computer architecture;IEEE 802.11 Standards;Switches;Wireless LAN;Wireless communication;Cloud;MAC Layer;Software Defined Networking},
%doi={10.1109/GLOCOMW.2012.6477567},
}

%%%%%%%%%%%%%%%%%%%%%

%WARP
@misc{WARP_http,
    title           = "{{WARP: Wireless Open Access Research Platform}}",
    url             = "http://warpproject.org/trac"
}


@misc{Mango_http,
    title           = "{{Mango Communications}}",
    url             = "http://mangocomm.com"
}

@misc{APU1C4_2014,
    title           = "{{PC Engines APU1 series system board}}",
    howpublished    = {PC Engines GmbH},
    year            =  {2014},
    url             = "http://www.pcengines.ch/apu1c4.htm"
}

@misc{BEEcube_http,
    title           = "{{BEEcube}}",
    url             = "http://beecube.com"
}

%%%%%%%%%%%%%%%%%%%%%
@misc{hosapd_http,
    title           = "{{hosapd - Linux Wireless}}",
    url             = "http://wireless.kernel.org"
}

%%%%%%%%%%%%%%%%%%%%%
%OpenWrt
@misc{OpenWrt_http,
    title           = "{{OpenWrt}}",
    url             = "https://openwrt.org"
}

@misc{mac80211_2007,
  author = {Johannes Berg},
  title = {The mac80211 subsystem for kernel developers},
  type = {White Paper},
  month = {},
  year = {2007},
  howpublished = {Technical Report},
  %affiliation = {WiFi Alliance},
  %url = {http://www.wi-fi.org}
}

@misc{libtins_http,
    title           = "{{libtins - packet crafting and sniffing library}}",
    url             = "http://libtins.github.io"
}



%%%%%%%%%%%%%%%%%%%%%
